[gd_scene load_steps=7 format=2]

[ext_resource path="res://UI/InventoryFace/Inventory.gd" type="Script" id=1]
[ext_resource path="res://Res/Styles/light-gray.stylebox" type="StyleBox" id=2]
[ext_resource path="res://Res/Styles/dark-gray.stylebox" type="StyleBox" id=3]
[ext_resource path="res://Res/Font/Hohenz_24.tres" type="DynamicFont" id=4]
[ext_resource path="res://UI/Base/GameButton.tscn" type="PackedScene" id=5]
[ext_resource path="res://UI/InventoryFace/InventoryPanel.tscn" type="PackedScene" id=6]

[node name="Inventory" type="Control"]
anchor_right = 1.0
anchor_bottom = 1.0
script = ExtResource( 1 )
__meta__ = {
"_edit_use_anchors_": false
}

[node name="Panel" type="Panel" parent="."]
self_modulate = Color( 1, 1, 1, 0.666667 )
anchor_top = 0.5
anchor_bottom = 0.5
margin_left = 10.0
margin_top = -257.5
margin_right = 400.0
margin_bottom = 257.5
custom_styles/panel = ExtResource( 2 )
__meta__ = {
"_edit_use_anchors_": false
}

[node name="Header" type="Label" parent="Panel"]
anchor_right = 1.0
margin_bottom = 32.0
custom_fonts/font = ExtResource( 4 )
custom_styles/normal = ExtResource( 3 )
text = "Инвентарь"
align = 1
valign = 1
__meta__ = {
"_edit_lock_": true
}

[node name="Items" parent="Panel" instance=ExtResource( 6 )]
anchor_right = 1.0
anchor_bottom = 1.0
margin_top = 30.0
margin_right = 0.0
margin_bottom = 0.0

[node name="ExitButton" parent="Panel" instance=ExtResource( 5 )]
anchor_left = 0.5
anchor_top = 1.0
anchor_right = 0.5
anchor_bottom = 1.0
margin_left = -90.0
margin_top = -40.0
margin_right = 90.0
margin_bottom = -8.0
rect_min_size = Vector2( 180, 30 )
text = "Выход"

[connection signal="pressed" from="Panel/ExitButton" to="." method="_on_ExitButton_pressed"]
